@article{prime-air,
    author = {Amazon},
    title = {Amazon Prime Air First Delivery},
    date = {December 7, 2016},
    url = {https://www.amazon.com/Amazon-Prime-Air/b?ie=UTF8&node=8037720011},
}

@article{magyar-modszer,
    author = {Dr. Nagy Tamás},
    title = {Algoritmus a szállítási feladat megoldására. A „magyar módszer”},
    year = {2021},
    url = {https://www.uni-miskolc.hu/~matente/oktatasi%20tananyagok/HALOZATI_FOLYAMOK.html#d5e8048},
}

@misc{clean-architecture,
    title = {The Clean Code Blog},
    url = {https://blog.cleancoder.com/uncle-bob/2012/08/13/the-clean-architecture.html},
    key = {value},journal = {Clean Coder Blog},
    author = {Robert C. Martin},

}
@misc{wiki:Domain-driven_design,
    author = "Wikipedia",
    title = "{Domain-driven design} --- {W}ikipedia{,} The Free Encyclopedia",
    year = "2021",
    howpublished = {\url{http://en.wikipedia.org/w/index.php?title=Domain-driven\%20design&oldid=1020090781}},
    note = "[Online; accessed 02-May-2021]"
}

@article{netflix,
    author = {https://netflixtechblog.com/ready-for-changes-with-hexagonal-architecture-b315ec967749},
    title = {Hexagonal Architecture - Netflix TechBlog},
    date = {March 10, 2020},
    url = {https://netflixtechblog.com/ready-for-changes-with-hexagonal-architecture-b315ec967749},
}

@article{hexagonal,
    author = {https://medium.com/idealo-tech-blog/hexagonal-ports-adapters-architecture-e3617bcf00a0},
    title = {Hexagonal architecture ports and adapters},
    journal = {mediumc.com},
    year = {2021.10.12},
}

@article{flyt,
    author = {Flyt},
    title = {Flytbase weboldal},
    date = {2020.10.26},
    url = {https://flytbase.com/drone-delivery/},
}

@article{anra,
    author = {Anra},
    title = {Anra Technologies weboldal},
    date = {2021.03.26},
    url = {https://www.anratechnologies.com/home/smartskies-fusion/},
}

@report{dron-szallitas-kutatas,
    author = {Juan Zhang, James F. Campbell, Donald C Sweeney, Andrea C. Hupman},
    title = {Energy Consumption Models for Delivery Drones: A Comparison and Assessment},
    type = {Comparison and Assesment},
    institution = {University of Missouri},
    date = {May 2020},
}

@article{beecluster,
    author = {BeeCluster},
    title = {BeeCluster weboldal},
    date = {2021.03.26},
    url = {http://beecluster.csail.mit.edu},
}

@article{drone-approval-legal-reasons,
    author = {Rupprecht Law P.A.},
    title = {The Truth About Drone Delivery No One Is Talking About},
    date = {date},
    url = {https://jrupprechtlaw.com/drone-delivery/},
}

@article{coombs1987markup,
    title = {Markup systems and the future of scholarly text processing},
    author = {Coombs, James H and Renear, Allen H and DeRose, Steven J},
    journal = {Communications of the ACM},
    volume = {30},
    number = {11},
    pages = {933--947},
    year = {1987},
    publisher = {ACM}
}

@article{Wikipedia-REST,
    author = {Wikipedia},
    title = {REST},
    journal = {value},
    year = {value},
}

@article{RPC,
    author = {http://netpedia.hu/rpc},
    title = {http://netpedia.hu/rpc},
    journal = {journal},
    year = {year},
}
@article{gRPC,
    author = {https://www.vinsguru.com/grpc-introduction-guide/},
    title = {https://www.vinsguru.com/grpc-introduction-guide/},
    journal = {journal},
    year = {year},
}

@article{postgres-transaction,
    author = {author},
    title = {title},
    journal = {journal},
    year = {year},
    url = {https://www.postgresql.org/docs/9.1/transaction-iso.html},
}

@misc{ghz, title={ghz · gRPC benchmarking and load testing tool}, url={https://ghz.sh/}, journal={ghz}}

@misc{apache, title={apache/jmeter}, url={https://github.com/apache/jmeter}, journal={GitHub}, author={Apache}}


